<record><leader>00000cas a22000007a 4500</leader><controlfield tag="001">37276721</controlfield><controlfield tag="008">970711d190819uuokuwr n       0    0eng d</controlfield><datafield ind1=" " ind2=" " tag="010"><subfield code="a">sn 97070029 </subfield></datafield><datafield ind1=" " ind2=" " tag="040"><subfield code="a">OBN</subfield><subfield code="b">eng</subfield><subfield code="c">OBN</subfield><subfield code="d">OCLCQ</subfield><subfield code="d">OCLCO</subfield></datafield><datafield ind1="1" ind2=" " tag="029"><subfield code="a">AU@</subfield><subfield code="b">000013335593</subfield></datafield><datafield ind1=" " ind2=" " tag="042"><subfield code="a">msc</subfield></datafield><datafield ind1=" " ind2=" " tag="043"><subfield code="a">n-us-ok</subfield></datafield><datafield ind1="0" ind2=" " tag="130"><subfield code="a">Indianola enterprise (Indianola, Okla. : 1908)</subfield></datafield><datafield ind1="1" ind2="4" tag="245"><subfield code="a">The Indianola enterprise.</subfield></datafield><datafield ind1="3" ind2=" " tag="246"><subfield code="a">Enterprise</subfield></datafield><datafield ind1=" " ind2=" " tag="260"><subfield code="a">Indianola, Okla. :</subfield><subfield code="b">B.W. Williams</subfield></datafield><datafield ind1=" " ind2=" " tag="300"><subfield code="a">v.</subfield></datafield><datafield ind1=" " ind2=" " tag="310"><subfield code="a">Weekly</subfield></datafield><datafield ind1="0" ind2=" " tag="362"><subfield code="a">Vol. 4, no. 34 (May 15, 1908)-</subfield></datafield><datafield ind1=" " ind2="0" tag="651"><subfield code="a">Indianola (Okla.)</subfield><subfield code="v">Newspapers.</subfield></datafield><datafield ind1=" " ind2="0" tag="651"><subfield code="a">Pittsburg County (Okla.)</subfield><subfield code="v">Newspapers.</subfield></datafield><datafield ind1=" " ind2=" " tag="752"><subfield code="a">United States</subfield><subfield code="b">Oklahoma</subfield><subfield code="c">Pittsburg</subfield><subfield code="d">Indianola.</subfield></datafield><datafield ind1="0" ind2="0" tag="780"><subfield code="t">Canadian enterprise</subfield><subfield code="w">(DLC)sn 97070028</subfield><subfield code="w">(OCoLC)37276679</subfield></datafield><datafield ind1="0" ind2="0" tag="785"><subfield code="t">Pittsburg enterprise (Pittsburg, Okla.)</subfield><subfield code="w">(DLC)sn 95063973</subfield><subfield code="w">(OCoLC)32194474</subfield></datafield></record>